@Article{fliess:95,
  author = 	 {M. Fliess and J. L\'evine and P. Martin and P. Rouchon},
  title = 	 {Flatness and
defect of non--linear systems: introductory theory and
examples},
  journal = 	 {Int. J. Control},
  year = 	 {1995},
  volume = 	 {61},
  pages = 	 {1327--1361}
}